@book{koza92,
		author    = "Koza, John R.",
		title     = "Genetic Programming: On the Programming of Computers by Means of Natural Selection",
		publisher = "MIT Press",
		year      = "1992"
}

@misc{wikipedia_twitter,
       author = "Wikipedia",
       title = "Twitter",
       year = "2022",
       url = "https://en.wikipedia.org/w/index.php?title=Twitter&oldid=1075330090",
       note = "[Internet. February 19th 2022]"
}

@misc{wikipedia_spotify,
       author = "Wikipedia",
       title = "Spotify",
       year = "2022",
       url = "https://en.wikipedia.org/w/index.php?title=Spotify&oldid=1077879878",
       note = "[Internet. February 19th 2022]"
}

@misc{redhat_orchestrator,
       author = "Red Hat",
       title = "Orchestrator",
       year = "2022",
       url = "https://www.redhat.com/es/topics/automation/what-is-orchestration",
       note = "[Internet. March 19th 2022]"
}

@misc{ibm_restapi,
       author = "International Business Machines Corporation (IBM)",
       title = "EST APIs",
       year = "2022",
       url = "https://www.ibm.com/cloud/learn/rest-apis#:~:text=An%20API%2C%20or%20application%20programming,representational%20state%20transfer%20architectural%20style.",
       note = "[Internet. February 12th 2022]"
}

@misc{ibm_containerization,
       author = "International Business Machines Corporation (IBM)",
       title = "Containerization",
       year = "2022",
       url = "https://www.ibm.com/cloud/learn/containerization",
       note = "[Internet. March 19th 2022]"
}

@misc{variety_twitterusers,
       author = "Variety",
       title = "Twitter daily users 2021",
       year = "2021",
       url = "https://variety.com/2022/digital/news/twitter-q4-2021-earnings-users-growth-1235176882/",
       note = "[Internet. February 26th 2022]"
}

@misc{postman,
       author = "Postman, Inc.",
       title = "Postman",
       year = "2022",
       url = "https://www.postman.com",
       note = "[Internet. February 6th 2022]"
}

@misc{twitter_dev,
       author = "Twitter, Inc.",
       title = "Twitter Developer",
       year = "2022",
       url = "https://developer.twitter.com",
       note = "[Internet. February 5th 2022]"
}

@misc{twitter_dev_searchtweets,
       author = "Twitter, Inc.",
       title = "Recent Search",
       year = "2022",
       url = "https://developer.twitter.com/en/docs/twitter-api/tweets/search/introduction",
       note = "[Internet. February 19th 2022]"
}

@misc{spotify_dev,
       author = "Spotify Technology S.A.",
       title = "Spotify for Developers",
       year = "2022",
       url = "https://developer.spotify.com/",
       note = "[Internet. February 5th 2022]"
}

@misc{spotify_dev_endpoint_searchforitem,
       author = "Spotify Technology S.A.",
       title = "Spotify for Developers - Search for Item",
       year = "2022",
       url = "https://developer.spotify.com/documentation/web-api/reference/#/operations/search",
       note = "[Internet. February 12th 2022]"
}

@misc{spotify_dev_endpoint_gettracksaudiofeatures,
       author = "Spotify Technology S.A.",
       title = "Spotify for Developers - Get Tracks' Audio Features",
       year = "2022",
       url = "https://developer.spotify.com/documentation/web-api/reference/#/operations/get-several-audio-features",
       note = "[Internet. February 12th 2022]"
}

@misc{spotify_dev_authorization,
       author = "Spotify Technology S.A.",
       title = "Spotify Documents - Authorization guide",
       year = "2022",
       url = "https://developer.spotify.com/documentation/general/guides/authorization/",
       note = "[Internet. February 12th 2022]"
}

@misc{docker,
       author = "Docker, Inc.",
       title = "Docker",
       year = "2022",
       url = "https://www.docker.com/",
       note = "[Internet. February 19th 2022]"
}

@misc{docker_spark,
       author = "Bitnami",
       title = "Bitnami Apache Spark docker image",
       year = "2022",
       url = "https://hub.docker.com/r/bitnami/spark",
       note = "[Internet. March 5th 2022]"
}

@misc{docker_postgresql,
       author = "PostgreSQL",
       title = "PostgreSQL docker image",
       year = "2022",
       url = "https://hub.docker.com/_/postgres",
       note = "[Internet. March 5th 2022]"
}

@misc{python_lib_dotenv,
       author = "Saurabh Kumar",
       title = "Python library - DotEnv",
       year = "2022",
       url = "https://github.com/theskumar/python-dotenv",
       note = "[Internet. February 12th 2022]"
}

@misc{airflow,
       author = "Apache",
       title = "Apache Airflow",
       year = "2022",
       url = "https://airflow.apache.org/",
       note = "[Internet. March 19th 2022]"
}